101 026009593 02600959323011300000094101Bank Of America        Bank Of America                
5200Bob's Manufactur                    881234567 PPDPAYROLL         230120   1026009590000001
6270260095931234             0000533507               Bob's Manufacturing     0026009590000001
62202600959311               0000125413emp2           Sally Reynolds          0026009590000002
62202600959321               0000168724emp1           Bob Smith               0026009590000003
82000000050013004795000000533507000000533505881234567                          026009590000001
9000001000001000000050013004795000000533507000000533505                                       
9999999999999999999999999999999999999999999999999999999999999999999999999999999999999999999999